@Book{rosen2019discrete,
 author = {Rosen, Kenneth},
 title = {Discrete mathematics and its applications},
 publisher = {McGraw-Hill},
 year = {2019},
 address = {New York, NY},
 isbn = {9781259676512}
 }

@misc{wiki:ElGamal_encryption,
   author = "Wikipedia",
   title = "{ElGamal encryption} --- {W}ikipedia{,} The Free Encyclopedia",
   year = "2020",
   howpublished = {\url{https://en.wikipedia.org/wiki/ElGamal\_encryption}},
   note = "[Online; accessed 07-November-2020]"
 }

@misc{daniel,
	author = "MÃ¥ns Daniel Larsson",
	title = "Grupper, ringer og kropper",
	year = "2020"
}
